<record><leader>00000cas a22000007a 4500</leader><controlfield tag="001">43760241</controlfield><controlfield tag="008">000403d2000200uiauwr n       0   a0eng c</controlfield><datafield ind1=" " ind2=" " tag="010"><subfield code="a">   00211794 </subfield></datafield><datafield ind1=" " ind2=" " tag="040"><subfield code="a">NSD</subfield><subfield code="b">eng</subfield><subfield code="c">NSD</subfield><subfield code="d">OCLCQ</subfield></datafield><datafield ind1=" " ind2=" " tag="012"><subfield code="j">0</subfield><subfield code="m">d</subfield></datafield><datafield ind1="1" ind2=" " tag="022"><subfield code="a">1529-5087</subfield><subfield code="l">1529-5087</subfield><subfield code="y">0889-8728</subfield><subfield code="2">1</subfield></datafield><datafield ind1=" " ind2=" " tag="037"><subfield code="b">Ogden Newspapers, 2221 E. Ovid Ave., Des Moines, IA 50313-4746</subfield></datafield><datafield ind1=" " ind2=" " tag="042"><subfield code="a">nsdp</subfield><subfield code="a">pcc</subfield></datafield><datafield ind1=" " ind2="0" tag="222"><subfield code="a">Western express press citizen</subfield></datafield><datafield ind1="0" ind2="0" tag="245"><subfield code="a">Western express press citizen.</subfield></datafield><datafield ind1=" " ind2=" " tag="260"><subfield code="a">Des Moines, Iowa :</subfield><subfield code="b">Ogden Newspapers of Iowa, Inc.</subfield></datafield><datafield ind1=" " ind2=" " tag="300"><subfield code="a">v.</subfield></datafield><datafield ind1=" " ind2=" " tag="310"><subfield code="a">Weekly</subfield></datafield><datafield ind1=" " ind2=" " tag="588"><subfield code="a">Description based on: Vol. 111, issue 8 (Feb. 18 to Feb. 24, 2000).</subfield></datafield><datafield ind1=" " ind2=" " tag="752"><subfield code="a">United States</subfield><subfield code="b">Iowa</subfield><subfield code="c">Polk</subfield><subfield code="d">Windsor Heights.</subfield></datafield><datafield ind1="0" ind2="0" tag="780"><subfield code="t">Western express (West Des Moines, Iowa)</subfield><subfield code="x">0899-8728</subfield><subfield code="w">(DLC)sn 88059575</subfield></datafield><datafield ind1="0" ind2="0" tag="785"><subfield code="t">Polk County press citizen</subfield><subfield code="x">1535-5225</subfield><subfield code="w">(DLC)  2001211683</subfield></datafield><datafield ind1="1" ind2=" " tag="029"><subfield code="a">AU@</subfield><subfield code="b">000021430289</subfield></datafield></record>